<?xml version="1.0" encoding="UTF-8"?><record xmlns="http://www.loc.gov/MARC21/slim" xmlns:cinclude="http://apache.org/cocoon/include/1.0" xmlns:zs="http://www.loc.gov/zing/srw/">
  <leader>00349nz  a2200133n  4500</leader>
  <controlfield tag="001">no2011091792</controlfield>
  <controlfield tag="003">DLC</controlfield>
  <controlfield tag="005">20110615075313.0</controlfield>
  <controlfield tag="008">110613n| acannaabn          |n aaa     c</controlfield>
  <datafield tag="010" ind1=" " ind2=" ">
    <subfield code="a">no2011091792</subfield>
  </datafield>
  <datafield tag="035" ind1=" " ind2=" ">
    <subfield code="a">(OCoLC)oca08885783</subfield>
  </datafield>
  <datafield tag="040" ind1=" " ind2=" ">
    <subfield code="a">CLU-FT</subfield>
    <subfield code="b">eng</subfield>
    <subfield code="c">CLU-FT</subfield>
  </datafield>
  <datafield tag="100" ind1="1" ind2=" ">
    <subfield code="a">Amis, Don</subfield>
  </datafield>
  <datafield tag="670" ind1=" " ind2=" ">
    <subfield code="a">Gidget meets Hondo [MP] 1980:</subfield>
    <subfield code="b">credits (camera, Don Amis)</subfield>
  </datafield>
</record>